<record><leader>00000cas a22000007a 4500</leader><controlfield tag="001">12830163</controlfield><controlfield tag="008">851121d19021909utuwr ne      0    0eng d</controlfield><datafield ind1=" " ind2=" " tag="010"><subfield code="a">sn 85058315 </subfield></datafield><datafield ind1=" " ind2=" " tag="040"><subfield code="a">UNP</subfield><subfield code="b">eng</subfield><subfield code="c">UNP</subfield><subfield code="d">OCLCQ</subfield></datafield><datafield ind1=" " ind2=" " tag="042"><subfield code="a">msc</subfield></datafield><datafield ind1=" " ind2="4" tag="050"><subfield code="a">AN2.U8</subfield><subfield code="b">.W43</subfield></datafield><datafield ind1="0" ind2=" " tag="130"><subfield code="a">Weekly sun (Ogden, Utah)</subfield></datafield><datafield ind1="1" ind2="4" tag="245"><subfield code="a">The weekly sun.</subfield></datafield><datafield ind1="1" ind2="3" tag="246"><subfield code="a">Weekly snu [sic]</subfield><subfield code="f">Sept. 30, 1902</subfield></datafield><datafield ind1=" " ind2=" " tag="260"><subfield code="a">Ogden, Utah :</subfield><subfield code="b">Standard Pub. Co.,</subfield><subfield code="c">1902-1909.</subfield></datafield><datafield ind1=" " ind2=" " tag="300"><subfield code="a">8 v. :</subfield><subfield code="b">ill.</subfield></datafield><datafield ind1=" " ind2=" " tag="310"><subfield code="a">Weekly</subfield></datafield><datafield ind1="0" ind2=" " tag="362"><subfield code="a">Vol. 1, no. 1 (Sept. 30, 1902)-v. 2, no. 16 (Apr. 14, 1903); 33rd year, no. 17 (Apr. 21, 1903)-39th year, no. 14 (Apr. 6, 1909).</subfield></datafield><datafield ind1=" " ind2=" " tag="515"><subfield code="a">Issues for Jan. 5-12, 1904 incorrectly dated 1903.</subfield></datafield><datafield ind1=" " ind2=" " tag="580"><subfield code="a">Continues in part: Semi-weekly standard (Ogden, Utah : 1888) replacing the Tuesday issue.</subfield></datafield><datafield ind1=" " ind2=" " tag="580"><subfield code="a">Merged with: Weekly standard (Ogden, Utah), to form: Semi-weekly standard (Ogden, Utah : 1909).</subfield></datafield><datafield ind1=" " ind2=" " tag="752"><subfield code="a">United States</subfield><subfield code="b">Utah</subfield><subfield code="c">Weber</subfield><subfield code="d">Ogden.</subfield></datafield><datafield ind1="1" ind2="1" tag="780"><subfield code="t">Semi-weekly standard (Ogden, Utah : 1888)</subfield><subfield code="w">(DLC)sn 85058313</subfield></datafield><datafield ind1="1" ind2="4" tag="785"><subfield code="t">Weekly standard (Ogden, Utah)</subfield><subfield code="w">(DLC)sn 85058314</subfield><subfield code="w">(OCoLC)12830083</subfield></datafield><datafield ind1="1" ind2="4" tag="785"><subfield code="t">Semi-weekly standard (Ogden, Utah : 1909)</subfield><subfield code="w">(DLC)sn 85058316</subfield></datafield></record>